@article{ellenberger2024backpropagation,
  title={Backpropagation through space, time, and the brain},
  author={Ellenberger, Benjamin and Haider, Paul and Jordan, Jakob and Max, Kevin and Jaras, Ismael and Kriener, Laura and Benitez, Federico and Petrovici, Mihai A},
  journal={arXiv preprint arXiv:2403.16933},
  year={2024},
  url={https://doi.org/10.48550/arXiv.2403.16933}
}
@article{max2024learning,
  title={Learning efficient backprojections across cortical hierarchies in real time},
  author={Max, Kevin and Kriener, Laura and Pineda Garc{\'\i}a, Garibaldi and Nowotny, Thomas and Jaras, Ismael and Senn, Walter and Petrovici, Mihai A},
  journal={Nature Machine Intelligence},
  pages={1--12},
  year={2024},
  publisher={Nature Publishing Group UK London},
  url={https://doi.org/10.1038/s42256-024-00845-3}
}
